
@book{Rouquette2012,
	Author = {Maïeul Rouquette},
	Date = {2012},
	Location = {Tempere},
	Publisher = {Atramenta},
	Title = {(Xe)LaTeX appliqué aux sciences humaines},
	Url = {https://geekographie.maieul.net/95}
	}
@online{reledmac,
	Author = {Maïeul Rouquette},
	Url = {https://www.ctan.org/pkg/reledmac},
	Title = {reledmac}
	}
